@misc{ANSYSmodelWing,
title = {{Model Wing - Simulation Example - ANSYS Innovation Courses}},
url = {https://courses.ansys.com/index.php/courses/governing-equations-of-fluid-dynamics/},
urldate = {2020-09-07}
}
