
    @article{691550:18173608,
        author      = "Sajid M. Choudhury and Di Wang and Krishnakali Chaudhuri and Clayton DeVault and Alexander V. Kildishev and Alexandra Boltasseva and Vladimir M. Shalaev",
        title       = "{Material platforms for optical metasurfaces}",
        journal       = "{Nanophotonics}",
        year       = "2018",
        month       = "jun",
        volume       = "7",
        number       = "6",
        pages       = "959-987",
        url        = "10.1515/nanoph-2017-0130",
    }
  @article{691550:18173607,
        author      = "Changxu Liu and Peng Mao and Qinghua Guo and Min Han and Shuang Zhang",
        title       = "{Bio-inspired plasmonic leaf for enhanced light-matter interactions}",
        journal       = "{Nanophotonics}",
        year       = "2019",
        month       = "jun",
        volume       = "8",
        number       = "7",
        pages       = "1291-1298",
        url        = "10.1515/nanoph-2019-0104",
    }
  