
    @article{689640:16324861,
        author      = "Mark J.G. Bakkers and Yifei Lang and Louris J. Feitsma and Ruben J.G. Hulswit and Stefanie A.H. de Poot and Arno L.W. van Vliet and Irina Margine and Jolanda D.F. de Groot-Mijnes and Frank J.M. van Kuppeveld and Martijn A. Langereis and Eric G. Huizinga and Raoul J. de Groot",
        title       = "{Betacoronavirus Adaptation to Humans Involved Progressive Loss of Hemagglutinin-Esterase Lectin Activity}",
        journal       = "{Cell Host \{\&amp;\} Microbe}",
        year       = "2017",
        month       = "mar",
        volume       = "21",
        number       = "3",
        pages       = "356-366",
        url        = "10.1016/j.chom.2017.02.008",
        publisher       = "Elsevier Inc.",
    }
  @misc{689640:16320636,
        author      = " CDC",
        title       = "{Coronavirus | Human Coronavirus Types}",
        journal       = "{Centers for Disease Control and Prevention}",
        year       = "2020",
        url        = "https://www.cdc.gov/coronavirus/types.html",
        urldate       = "2020-02-20",
    }
  @article{689640:16322460,
        author      = "Jasper F. W. Chan and Susanna K. P. Lau and Kelvin K. W. To and Vincent C. C. Cheng and Patrick C. Y. Woo and Kwok-Yung Yuen",
        title       = "{Middle East Respiratory Syndrome Coronavirus: Another Zoonotic Betacoronavirus Causing SARS-Like Disease}",
        journal       = "{Clinical Microbiology Reviews}",
        year       = "2015",
        month       = "apr",
        volume       = "28",
        number       = "2",
        pages       = "465-522",
        url        = "10.1128/CMR.00102-14",
    }
  @misc{689640:16321242,
        author      = "Kenneth McIntosh and Stanley Perlman",
        title       = "{Coronaviruses, Including Severe Acute Respiratory Syndrome (SARS) and Middle East Respiratory Syndrome (MERS)}",
        journal       = "{Mandell, Douglas, and Bennett's Principles and Practice of Infectious Diseases}",
        year       = "2020",
        volume       = "2",
        publisher       = "Elsevier",
        url        = "10.1016/B978-1-4557-4801-3.00157-0",
    }
  @article{689640:16324440,
        author      = "P. S.  Masters and S.  Perlman",
        title       = "{Coronaviridae}",
        journal       = "{Fields virology}",
        year       = "2013",
        month       = "05",
        volume       = "1",
        pages       = "825-858",
    }
  