
    @article{691550:16648156,
        author      = "H. Y{\i}ld{\i}r{\i}m Erbil and A. Levent Demirel and Yonca Avc{\i} and Olcay Mert",
        title       = "{Transformation of a Simple Plastic into a Superhydrophobic Surface}",
        journal       = "{Science}",
        year       = "2003",
        volume       = "299",
        number       = "5611",
        pages       = "1377-1380",
        url        = "10.1126/science.1078365",
    }
  @article{691550:16609761,
        author      = "A. M. Buckley and M.  Greenblatt",
        title       = "{The Sol-Gel Preparation of Silica Gels}",
        journal       = "{Journal of Chemical Education}",
        year       = "1994",
        month       = "jul",
        volume       = "71",
        number       = "7",
        pages       = "599",
        url        = "10.1021/ed071p599",
    }
  @misc{691550:16646163,
        author      = "Bolla G. Rao and Deboshree Mukherjee and Benjaram M. Reddy",
        title       = "{Novel approaches for preparation of nanoparticles}",
        journal       = "{Nanostructures for Novel Therapy}",
        year       = "2017",
        pages       = "1-36",
        publisher       = "Elsevier",
        url        = "10.1016/B978-0-323-46142-9.00001-3",
    }
  