@misc{ANSYSmodelWing,
title = {{Model Wing - Simulation Example - ANSYS Innovation Courses}},
url = {https://courses.ansys.com/index.php/courses/dimensional-analysis-and-similarity/lessons/simulation-examples-homework-and-quizzes-5/topic/model-wing-simulation-example/},
urldate = {2020-09-07}
}
