@book{Hawken1993,
address = {New York},
author = {Hawken, Paul},
file = {:C$\backslash$:/Users/oskat/AppData/Local/Mendeley Ltd./Mendeley Desktop/Downloaded/Unknown - Unknown - Paul H a w k e n I i t AUTHOR O F G R O W I N G A B U S I N E S S A N D T H E N E X T E C O N O M Y.pdf:pdf},
pages = {267},
publisher = {HarperBusiness, a {\&}vision of HarperCollins Publisher},
title = {{The Ecology of Commerce a Declaration of Sustainability}},
url = {https://p2infohouse.org/ref/31/30233.pdf},
year = {1993}
}
