
    @article{689640:16324861,
        author      = "Mark J.G. Bakkers and Yifei Lang and Louris J. Feitsma and Ruben J.G. Hulswit and Stefanie A.H. de Poot and Arno L.W. van Vliet and Irina Margine and Jolanda D.F. de Groot-Mijnes and Frank J.M. van Kuppeveld and Martijn A. Langereis and Eric G. Huizinga and Raoul J. de Groot",
        title       = "{Betacoronavirus Adaptation to Humans Involved Progressive Loss of Hemagglutinin-Esterase Lectin Activity}",
        journal       = "{Cell Host \{\&amp;\} Microbe}",
        year       = "2017",
        month       = "mar",
        volume       = "21",
        number       = "3",
        pages       = "356-366",
        url        = "10.1016/j.chom.2017.02.008",
        publisher       = "Elsevier Inc.",
    }
  @misc{689640:16320636,
        author      = " CDC",
        title       = "{Coronavirus | Human Coronavirus Types}",
        journal       = "{Centers for Disease Control and Prevention}",
        year       = "2020",
        url        = "https://www.cdc.gov/coronavirus/types.html",
        urldate       = "2020-02-20",
    }
  