@book{White2011,
author = {White, M. Frank},
edition = {7th},
file = {:C$\backslash$:/Users/oskat/OneDrive - Instituto Tecnologico y de Estudios Superiores de Monterrey/Documents/MNT{\_}ITESM{\_}courses/0.References/2011{\_}Book{\_}FluidMechanics.pdf:pdf;:C$\backslash$:/Users/oskat/OneDrive - Instituto Tecnologico y de Estudios Superiores de Monterrey/Documents/MNT{\_}ITESM{\_}courses/0.References/2003{\_}Book{\_}FluidMechanics.pdf:pdf},
isbn = {978-0-07-352934-9},
keywords = {microfluidics},
mendeley-tags = {microfluidics},
month = {oct},
pages = {885},
publisher = {McGraw-Hill Series in Mechanical Engineering},
title = {{Fluid Mechanics}},
year = {2011}
}
