
    @article{691550:16985251,
        author      = "Andreas Sundblom and Anders E. C. Palmqvist and Krister Holmberg",
        title       = "{Study of the Pluronic\ensuremath{-}Silica Interaction in Synthesis of Mesoporous Silica under Mild Acidic Conditions}",
        journal       = "{Langmuir}",
        year       = "2010",
        month       = "feb",
        volume       = "26",
        number       = "3",
        pages       = "1983-1990",
        url        = "10.1021/la902144h",
    }
  @article{691550:16986475,
        author      = "Mar\'{\i}a P{\'e}rez-Page and Erick Yu and Jun Li and Masoud Rahman and Daniel M. Dryden and Ruxandra Vidu and Pieter Stroeve",
        title       = "{Template-based syntheses for shape controlled nanostructures}",
        journal       = "{Advances in Colloid and Interface Science}",
        year       = "2016",
        month       = "aug",
        volume       = "234",
        pages       = "51-79",
        url        = "10.1016/j.cis.2016.04.001",
        publisher       = "Elsevier B.V.",
    }
  @article{691550:16987569,
        author      = "M.  Kruk and M.  Jaroniec and A.  Sayari",
        title       = "{Application of Large Pore MCM-41 Molecular Sieves To Improve Pore Size Analysis Using Nitrogen Adsorption Measurements}",
        journal       = "{Langmuir}",
        year       = "1997",
        month       = "nov",
        volume       = "13",
        number       = "23",
        pages       = "6267-6273",
        url        = "10.1021/la970776m",
    }
  @article{691550:16987570,
        author      = "Shunai Che and Alfonso E. Garcia-Bennett and Toshiyuki Yokoi and Kazutami Sakamoto and Hironobu Kunieda and Osamu Terasaki and Takashi Tatsumi",
        title       = "{A novel anionic surfactant templating route for synthesizing mesoporous silica with unique structure}",
        journal       = "{Nature Materials}",
        year       = "2003",
        month       = "dec",
        volume       = "2",
        number       = "12",
        pages       = "801-805",
        url        = "10.1038/nmat1022",
    }
  @article{691550:16987571,
        author      = "Dongyuan Zhao",
        title       = "{Triblock Copolymer Syntheses of Mesoporous Silica with Periodic 50 to 300 Angstrom Pores}",
        journal       = "{Science}",
        year       = "1998",
        month       = "jan",
        volume       = "279",
        number       = "5350",
        pages       = "548-552",
        url        = "10.1126/science.279.5350.548",
        howpublished       = "9438845",
    }
  @article{691550:16987628,
        author      = "Shiquan Liu and Pegie Cool and Olivier Collart and Pascal Van Der Voort and Etienne F. Vansant and Oleg I. Lebedev and Gustaaf Van Tendeloo and Minhua Jiang",
        title       = "{The Influence of the Alcohol Concentration on the Structural Ordering of Mesoporous Silica: Cosurfactant versus Cosolvent}",
        journal       = "{The Journal of Physical Chemistry B}",
        year       = "2003",
        month       = "sep",
        volume       = "107",
        number       = "38",
        pages       = "10405-10411",
        url        = "10.1021/jp034410w",
    }
  