
    @article{691550:16367001,
        author      = "Sathish Boddolla and Satyanarayana Thodeti",
        title       = "{A review on Characterization techniques of Nanomaterials}",
        journal       = "{International Journal of Engineering, Science and Mathematics}",
        year       = "2018",
        volume       = "7",
        number       = "3",
        pages       = "481-486",
    }
  @book{691550:16367043,
        author      = "Osvaldo de Oliveira and Ferreira Jr L and Marystela G and F\'{a}bio de Lima Leite and Alessandra Luzia Da R{\'{o}}z",
        title       = "{Nanocharacterization Techniques}",
        publisher       = "Technology \&amp; Engineering",
        year       = "2017",
        pages       = "222",
    }
  