@techreport{Kuttler,
author = {Kuttler, Ken and Langlois, Marie-Andr{\'{e}}e B and Selinger, Peter and Learning, Lyryx and Bauslaugh, Bruce and Chow, Peter and Friess, Nathan and Keyowski, Stephanie and Laflamme, Claude and Laflamme, Martha and Mackenzie, Jennifer and Murnaghan, Tamsyn and Sava, Bogdan and Stone, Larissa and Yee, Ryan and Zahedi, Ehsun},
file = {:C$\backslash$:/Users/oskat/AppData/Local/Mendeley Ltd./Mendeley Desktop/Downloaded/Kuttler et al. - Unknown - Matrix Theory and Linear Algebra An open text by Peter Selinger Based on the original text by Lyryx Learning.pdf:pdf},
title = {{Matrix Theory and Linear Algebra An open text by Peter Selinger Based on the original text by Lyryx Learning and Ken Kuttler First edition CONTRIBUTIONS}},
url = {https://www.mathstat.dal.ca/{~}selinger/linear-algebra/downloads/LinearAlgebra.pdf}
}
