
    @article{691550:16479843,
        author      = "C. -Y.  Hui and A.  Jagota",
        title       = "{Surface Tension, Surface Energy, and Chemical Potential Due to Their Difference}",
        journal       = "{Langmuir}",
        year       = "2013",
        month       = "sep",
        volume       = "29",
        number       = "36",
        pages       = "11310-11316",
        url        = "10.1021/la400937r",
    }
  @misc{691550:16484266,
        author      = "Vanni Lughi",
        title       = "{Surface Energy and Chemical Potential at Nanoscale}",
        journal       = "{Encyclopedia of Nanotechnology}",
        year       = "2016",
        pages       = "3907-3917",
        publisher       = "Springer Netherlands",
        address       = "Dordrecht",
        url        = "10.1007/978-94-017-9780-1_276",
    }
  @article{691550:16484445,
        author      = "R Shuttleworth",
        title       = "{The Surface Tension of Solids}",
        journal       = "{Proceedings of the Physical Society. Section A}",
        year       = "1950",
        month       = "may",
        volume       = "63",
        number       = "5",
        pages       = "444-457",
        url        = "10.1088/0370-1298/63/5/302",
    }
  