
    @article{691550:18849442,
        author      = "Braulio C\'{a}rdenas Ben\'{\i}tez",
        title       = "{Advanced Manufacturing Techniques for the Fabrication and Surface Modification of Carbon Nanowires}",
        year       = "2017",
        pages       = "160",
    }
  @article{691550:18849395,
        author      = "M. T. H Siddiqui and Sabzoi Nizamuddin and Humair Ahmed Baloch and N. M.  Mubarak and Maha Al-Ali and Shaukat A Mazari and A. W~Bhutto and Rashid Abro and Madapusi Srinivasan and Gregory Griffin",
        title       = "{Fabrication of advance magnetic carbon nano-materials and their potential applications: A review}",
        journal       = "{Journal of Environmental Chemical Engineering}",
        year       = "2019",
        month       = "feb",
        volume       = "7",
        number       = "1",
        pages       = "102812",
        url        = "10.1016/J.JECE.2018.102812",
        publisher       = "Elsevier",
    }
  @misc{691550:18856327,
        author      = "Antonio Maffucci and Sergey A. Maksimenko and Giovanni Miano and Gregory Ya. Slepyan",
        title       = "{Electrical Conductivity of Carbon Nanotubes: Modeling and Characterization}",
        journal       = "{Carbon Nanotubes for Interconnects}",
        year       = "2017",
        pages       = "101-128",
        publisher       = "Springer International Publishing",
        address       = "Cham",
        url        = "10.1007/978-3-319-29746-0_4",
    }
  @article{691550:18849438,
        author      = "G.  Canton and T.  Do and L.  Kulinsky and M.  Madou",
        title       = "{Improved conductivity of suspended carbon fibers through integration of C-MEMS and Electro-Mechanical Spinning technologies}",
        journal       = "{Carbon}",
        year       = "2014",
        month       = "may",
        volume       = "71",
        pages       = "338-342",
        url        = "10.1016/j.carbon.2014.01.009",
    }
  @article{691550:18849439,
        author      = "Domingo Ricardo Flores",
        title       = "{Role of rheological properties in near field electrospun fibers morphology}",
        year       = "2017",
        pages       = "130",
    }
  @article{691550:18849440,
        author      = "Albert Cisquella-Serra and Marco Magnani and \'{A}lvaro Gual-Mosegui and Sunshine Holmberg and Marc Madou and Manuel Gamero-Casta{\~{n}}o",
        title       = "{Study of the electrostatic jet initiation in near-field electrospinning}",
        journal       = "{Journal of Colloid and Interface Science}",
        year       = "2019",
        month       = "may",
        volume       = "543",
        pages       = "106-113",
        url        = "10.1016/J.JCIS.2019.02.041",
        publisher       = "Academic Press",
    }
  @article{691550:18849441,
        author      = "Jongwan Lee and Seung Yong Lee and Jinah Jang and Young Hun Jeong and Dong-Woo Cho",
        title       = "{Fabrication of Patterned Nanofibrous Mats Using Direct-Write Electrospinning}",
        journal       = "{Langmuir}",
        year       = "2012",
        month       = "may",
        volume       = "28",
        number       = "18",
        pages       = "7267-7275",
        url        = "10.1021/la3009249",
    }
  @article{691550:18849443,
        author      = "Jufeng Deng and Chong Liu and Marc Madou",
        title       = "{Ultra-thin carbon nanofibers based on graphitization of near-field electrospun polyacrylonitrile}",
        journal       = "{Nanoscale}",
        year       = "2020",
        url        = "10.1039/D0NR00031K",
    }
  @article{691550:18851417,
        author      = "Nan Liu and Kwanpyo Kim and Hu Young Jeong and Po Chun Hsu and Yi Cui and Zhenan Bao",
        title       = "{Effect of Chemical Structure on Polymer-Templated Growth of Graphitic Nanoribbons}",
        journal       = "{ACS Nano}",
        year       = "2015",
        volume       = "9",
        number       = "9",
        pages       = "9043-9049",
        url        = "10.1021/acsnano.5b03134",
    }
  @article{691550:18851482,
        author      = "A.  Allaoui and S. V.  Hoa and M. D.  Pugh",
        title       = "{The electronic transport properties and microstructure of carbon nanofiber/epoxy composites}",
        journal       = "{Composites Science and Technology}",
        year       = "2008",
        month       = "feb",
        volume       = "68",
        number       = "2",
        pages       = "410-416",
        url        = "10.1016/j.compscitech.2007.06.028",
    }
  @article{691550:18851643,
        author      = "Braulio Cardenas-Benitez and Carsten Eschenbaum and Dario Mager and Jan G. Korvink and Marc J. Madou and Uli Lemmer and Israel De Leon and Sergio O. Martinez-Chapa",
        title       = "{Pyrolysis-induced shrinking of three-dimensional structures fabricated by two-photon polymerization: experiment and theoretical model}",
        journal       = "{Microsystems \{\&amp;\} Nanoengineering}",
        year       = "2019",
        volume       = "5",
        number       = "1",
        url        = "10.1038/s41378-019-0079-9",
        publisher       = "Springer US",
    }
  @article{691550:18851819,
        author      = "Maziar Ghazinejad and Sunshine Holmberg and Oscar Pilloni and Laura Oropeza-Ramos and Marc Madou",
        title       = "{Graphitizing Non-graphitizable Carbons by Stress-induced Routes}",
        journal       = "{Scientific Reports}",
        year       = "2017",
        month       = "dec",
        volume       = "7",
        number       = "1",
        pages       = "16551",
        url        = "10.1038/s41598-017-16424-z",
    }
  @article{691550:18855236,
        author      = "Arnoldo Salazar and Samira Hosseini and Margarita Sanchez-Dom\'{\i}nguez and Marc J. Madou and Alejandro Montesinos-Castellanos and Sergio O. Martinez-Chapa",
        title       = "{Sub-10 nm nanogap fabrication on suspended glassy carbon nanofibers}",
        journal       = "{Microsystems \{\&amp;\} Nanoengineering}",
        year       = "2020",
        month       = "dec",
        volume       = "6",
        number       = "1",
        pages       = "9",
        url        = "10.1038/s41378-019-0120-z",
        publisher       = "Springer US",
    }
  