@misc{WEF2019,
author = {WEF},
title = {{World Economic Forum - About page}},
url = {https://www.weforum.org/about/world-economic-forum},
urldate = {2019-01-17},
year = {2019}
}
@misc{WEF2019a,
author = {WEF},
title = {{World Economic Forum's 2019 Annual Meeting in Davos to Focus on Shaping a New Architecture for the Next Wave of Globalization {\textgreater} Press releases | World Economic Forum}},
url = {https://www.weforum.org/press/2018/11/world-economic-forum-s-2019-annual-meeting-in-davos-to-focus-on-shaping-a-new-architecture-for-the-next-wave-of-globalization/},
urldate = {2019-01-17},
year = {2019}
}
@misc{WBCSD2019,
author = {WBCSD},
title = {{Davos 2019}},
url = {http://promo.wbcsd.org/davos-2019/},
urldate = {2019-01-17},
year = {2019}
}
@misc{Ellyatt2018,
author = {Ellyatt, Holly},
title = {{Is Davos nothing more than an overpriced, ineffective Ëœtalking shop'?}},
url = {https://www.cnbc.com/2018/01/18/is-davos-nothing-more-than-an-overpriced-ineffective-talking-shop.html},
urldate = {2019-01-17},
year = {2018}
}
@misc{Schulze2018,
author = {Schulze, Elizabeth},
publisher = {CNBC LLC},
title = {{What is Davos?}},
url = {https://www.cnbc.com/video/2018/01/22/what-is-davos-cnbc-explains.html},
year = {2018}
}