@misc{Ellyatt2018,
author = {Ellyatt, Holly},
title = {{Is Davos nothing more than an overpriced, ineffective â€˜talking shop'?}},
url = {https://www.cnbc.com/2018/01/18/is-davos-nothing-more-than-an-overpriced-ineffective-talking-shop.html},
urldate = {2019-01-17},
year = {2018}
}
@misc{Schulze2018,
author = {Schulze, Elizabeth},
publisher = {CNBC LLC},
title = {{What is Davos?}},
url = {https://www.cnbc.com/video/2018/01/22/what-is-davos-cnbc-explains.html},
year = {2018}
}
