
    @article{693772:16434827,
        author      = "Sulaiman Khan and David Newport and St{\'e}phane Le Calv{\'e}",
        title       = "{Gas Detection Using Portable Deep-UV Absorption Spectrophotometry: A Review}",
        journal       = "{Sensors}",
        year       = "2019",
        month       = "nov",
        volume       = "19",
        number       = "23",
        pages       = "5210",
        url        = "10.3390/s19235210",
    }
  @article{693772:16435120,
        author      = "Francisco Pena-Pereira and Isabel Costas-Mora and Vanesa Romero and Isela Lavilla and Carlos Bendicho",
        title       = "{Advances in miniaturized UV-Vis spectrometric systems}",
        journal       = "{TrAC Trends in Analytical Chemistry}",
        year       = "2011",
        month       = "nov",
        volume       = "30",
        number       = "10",
        pages       = "1637-1648",
        url        = "10.1016/j.trac.2011.04.018",
        publisher       = "Elsevier Ltd",
    }
  @inproceedings{693772:16435037,
        author      = "Yadira I. Vega",
        title       = "{UV-Vis Spectroscopy}",
        booktitle       = "{M5052 Characterization of Materials and Nanomaterials - Graduate Program in Nanotechnology}",
        year       = "2015",
        address       = "N.L. Monterrey",
    }
  @article{693772:16459460,
        author      = "Yan Li and Milo\v{s} Dvo\v{r}\'{a}k and Pavel N. Nesterenko and Nantana Nuchtavorn and Mirek Macka",
        title       = "{High power deep UV-LEDs for analytical optical instrumentation}",
        journal       = "{Sensors and Actuators B: Chemical}",
        year       = "2018",
        month       = "feb",
        volume       = "255",
        pages       = "1238-1243",
        url        = "10.1016/j.snb.2017.08.085",
    }
  @article{693772:16434801,
        author      = "Ansara Noori and Parvez Mahbub and Milo\v{s} Dvo\v{r}\'{a}k and Arko Lucieer and Mirek Macka",
        title       = "{Radiometric analysis of UV to near infrared LEDs for optical sensing and radiometric measurements in photochemical systems}",
        journal       = "{Sensors and Actuators B: Chemical}",
        year       = "2018",
        month       = "jun",
        volume       = "262",
        pages       = "171-179",
        url        = "10.1016/j.snb.2018.01.179",
    }
  